    @MISC{mikrofony,
      author =       "Ratica Lukas",
      title =        "{\it Rozdělení mikrofonů}",
      url =          "https://www.fi.muni.cz/lemma/referaty/10/18.pdf",
      note =         "[Online; navštíveno 14.1.2020]"
    }

    @MISC{teorem,
      author =       "",
      publisher =    "Institut biostatistiky a analýz Lékařské fakulty Masarykovy univerzity",
      title =        "{\it Vzorkovací teorém}",
      url =          "https://portal.matematickabiologie.cz/index.php?pg=analyza-a-modelovani-dynamickych-biologickych-dat--signaly-a-linearni-systemy--casove-rady-i--1-vzorkovani--1-2-vzorkovaci-teorem",
      note =         "[Online; navštíveno 13.1.2020]"
    }

    @MISC{zvuk,
      author =       "Jaroslav Reichl, Martin Všetička",
      publisher =    "",
      title =        "{\it Encyklopedie fyziky}",
      url =          "http://fyzika.jreichl.com/",
      year =         "2020",
      note =         "[Online; navštíveno 20.5.2020]"
    }
    
    @MISC{rychlost,
      author =       "",
      publisher =    "HyperPhysics, Georgia State University",
      title =        "{\it Sound Speed in Gases.}",
      url =          "http://hyperphysics.phy-astr.gsu.edu/hbase/Sound/souspe3.html#c1",
      year =         "2017",
      note =         "[Online; navštíveno 20.5.2020]"
    }

    @BOOK{hlasasluch,
      author =       {HRAZDIRA, Ivo a Vojtěch MORNSTEIN},
      title =        {\it Lékařská biofyzika a přístrojová technika.},
      publisher =    {Brno: Neptun},
      year =         {2001},
      isbn =         "80-902896-1-45"
    }

    @MISC{aliasing,
      author =       "Dostálek, P.",
      publisher =    "Univerzita Tomáše Bati ve Zlíně, Fakulta aplikované informatiky.",
      title =        "{\it Embedded systém pro lokalizaci zdroje zvuku.}",
      url =          "https://digilib.k.utb.cz/bitstream/handle/10563/35292/dostálek_dp_2010.pdf",
      year =         "2009",
      note =         "[Online; navštíveno 20.5.2020]"
    }
%filtry (ukrást zdroje z wiki)



    @MISC{energie,
      author =       "",
      publisher =    "Institute of Electrical Engineering Systems.",
      title =        "{\it Signal Energy and Power.}",
      url =          "https://matel.p.lodz.pl/wee/i12zet/Signal energy and power.pdf",
      year =         "2019",
      note =         "[Online; navštíveno 20.5.2020]"
    }


    @BOOK{korelace,
      author =       {Rabiner, Lawrence R.,Schafer, Ronald W.},
      title =        {\it Theory and Application of Digital Signal Processing},
      publisher =    {Englewood Cliffs, N.J. : Prentice-Hall},
      year =         {1978},
      isbn =         "0139141014"
    }

    @MISC{normcorel,
      author =       "",
      publisher =    "AnOmalY",
      title =        "{\it Understanding Cross-Correlation, Auto-Correlation, Normalization and Time Shift.}",
      url =          "https://anomaly.io/understand-auto-cross-correlation-normalized-shift/index.html",
      year =         "2016",
      note =         "[Online; navštíveno 20.5.2020]"
    }

    @MISC{gcc,
      author =       "Xavier Anguera Miró",
      publisher =    "Speech Processing Group Department of Signal Theory and Communications Universitat Politècnica de Catalunya.",
      title =        "{\it GCC-PHAT Cross-Correlation.}",
      url =          "http://www.xavieranguera.com/phdthesis/node92.html",
      year =         "2006",
      note =         "[Online; navštíveno 20.5.2020]"
    }
    
    @MISC{hyperbola,
      author =       "",
      title =        "{\it Hyperbola}",
      publisher =    "Nová média, s. r. o. © 2006—2014",
      url =          "https://matematika.cz/hyperbola",
      note =         "[Online; navštíveno 10.12.2019]"
    }
    
    @MISC{beamformer,
      author =       "Benesty,  J., J.  Chen, Y.  Huang",
      publisher =    "Springer",
      title =        "{\it Microphone Array  Signal Processing}",
      year =         "2008",
      note =         "[Online; navštíveno 20.5.2020]"
    }

    @MISC{dasobrazek,
        author = {Krol, Daniel and Lorenc, Anita and Swiecinski, Radek},
        year = {2015},
        month = {04},
        pages = {},
        title = "{\it Detecting Laterality and Nasality in Speech with the Use of a Multi-Channel recorder}",
        doi = {10.13140/RG.2.1.4243.3128}
    }

    @MISC{chu,
      author =       "CHU, Yen Nhi",
      publisher =    "Vysoké učení technické v Brně, Fakulta informačních technologií Vedoucí práce Ing. Igor Szöke, Ph.D.",
      title =        "{\it Akustická detekce pozice řečníka pomocí mikrofonního pole.}",
      url =          "https://www.vutbr.cz/studenti/zav-prace/detail/121864?zp_id=121864",
      year =         "2019",
      note =         "[Online; navštíveno 20.5.2020]"
    }

    @MISC{odrazy,
      author =       "Mgr. Magda Králová",
      publisher =    "Techmania Science Center, o.p.s.",
      title =        "{\it Absorbce zvuku.}",
      url =          "https://edu.techmania.cz/cs/encyklopedie/fyzika/akustika/absorpce-zvuku",
      year =         "2019",
      note =         "[Online; navštíveno 20.5.2020]"
    }

    @MISC{alsa,
      author =       "Jaroslav Kysela, Abramo Bagnara, Takashi Iwai, Frank van de Pol",
      publisher =    "ALSA project",
      title =        "{\it PCM Interface}",
      url =          "https://www.alsa-project.org/alsa-doc/alsa-lib/",
      note =         "[Online; navštíveno 20.5.2020]"
    }

    @MISC{konstanty,
      author =       "",
      publisher =    "NIST Standard Reference Database",
      title =        "{\it Fundamental Physical Constants}",
      url =          "https://physics.nist.gov/cuu/Constants/index.html",
      note =         "[Online; navštíveno 20.5.2020]"
    }
    
    @MISC{zver,
      author =       "Jana Dvořáková",
      publisher =    "EpochaPlus",
      title =        "{\it Majitelé nejlepšího sluchu zvířecí říše: Slyší, kde se co šustne!}",
      url =          "https://epochaplus.cz/majitele-nejlepsiho-sluchu-zvireci-rise-slysi-kde-se-co-sustne/",
      year =         "2020",
      note =         "[Online; navštíveno 20.5.2020]"
    }

    @MISC{sovy,
      author =       "Josef Májsky",
      publisher =    "naše příroda, o.s.",
      title =        "{\it Soví uši a ouška.}",
      url =          "http://www.nasepriroda.cz/artkey/npr-201306-0003.php",
      year =         "2013",
      note =         "[Online; navštíveno 20.5.2020]"
    }

    @BOOK{encyklopedie,
      author =       {Richard Walker},
      title =        {\it Velká rodinná encyklopedie lidské tělo.},
      publisher =    {Praha: nakladatelství Slovart},
      year =         {2003},
      isbn =         "80-7209-477-7"
    }
    